@article{krasner1988description,
  title={A description of the model-view-controller user interface paradigm in the smalltalk-80 system},
  author={Krasner, Glenn E and Pope, Stephen T and others},
  journal={Journal of object oriented programming},
  volume={1},
  number={3},
  pages={26--49},
  year={1988}
}

@misc{AmazonSimpleStorage,
  title = {Amazon {{Simple Storage Service}} - {{User Guide}}},
  author = {{Amazon Web Services, Inc.}},
  langid = {english},
  howpublished = {https://docs.aws.amazon.com},
  urldate = {2025-03-25},
}