@incollection{cohenIntroductionAgileMethods2004,
  title = {An {{Introduction}} to {{Agile Methods}}},
  booktitle = {Advances in {{Computers}}},
  author = {Cohen, David and Lindvall, Mikael and Costa, Patricia},
  date = {2004},
  volume = {62},
  pages = {1--66},
  publisher = {Elsevier},
  doi = {10.1016/S0065-2458(03)62001-2},
  url = {https://linkinghub.elsevier.com/retrieve/pii/S0065245803620012},
  urldate = {2025-03-23},
  abstract = {Agile Methods are creating a buzz in the software development community, drawing their fair share of advocates and opponents. While some people consider agile methods the best thing that has happened to software development in recent years, other people view them as a backlash to software engineering and compare them to hacking.},
  isbn = {978-0-12-012162-5},
  langid = {english},
  file = {C:\Users\liuda\Zotero\storage\PDKDXHNR\Cohen et al. - 2004 - An Introduction to Agile Methods.pdf}
}
